@article{griffin1988multiband,
  title={Multiband excitation vocoder},
  author={Griffin, Daniel W and Lim, Jae S},
  journal={IEEE Transactions on acoustics, speech, and signal processing},
  volume={36},
  number={8},
  pages={1223--1235},
  year={1988},
  publisher={IEEE}
}
@book{rowe1997techniques,
  title={Techniques for harmonic sinusoidal coding},
  author={Rowe, David Grant},
  year={1997},
  publisher={Citeseer},
  note = {\url{https://www.rowetel.com/downloads/1997_rowe_phd_thesis.pdf}}
}

@misc{ardc2023,
  title = {{Enhancing HF Digital Voice with FreeDV}},
  year = {2023}, 
  note = {\url{https://www.ardc.net/apply/grants/2023-grants/enhancing-hf-digital-voice-with-freedv/}}
}

@article{mcaulay1986speech,
  title={Speech analysis/synthesis based on a sinusoidal representation},
  author={McAulay, Robert and Quatieri, Thomas},
  journal={IEEE Transactions on Acoustics, Speech, and Signal Processing},
  volume={34},
  number={4},
  pages={744--754},
  year={1986},
  publisher={IEEE}
}

@article{makhoul1975linear,
  title={Linear prediction: A tutorial review},
  author={Makhoul, John},
  journal={Proceedings of the IEEE},
  volume={63},
  number={4},
  pages={561--580},
  year={1975},
  publisher={IEEE}
}

@article{itakura1975line,
  title={Line spectrum representation of linear predictor coefficients of speech signals},
  author={Itakura, Fumitada},
  journal={The Journal of the Acoustical Society of America},
  volume={57},
  number={S1},
  pages={S35--S35},
  year={1975},
  publisher={AIP Publishing}
}


@book{o1997human,
  title={Speech Communication - Human and machine},
  author={Oâ€˜Shaughnessy, Douglas},
  publisher={Addison-Wesley Publishing Company},
  year={1997}
}

@misc{rowe2023ratek,
  title = {{FreeDV-015 Codec 2 Rate K Resampler}},
  year = {2023}, 
  note = {\url{https://github.com/drowe67/misc/blob/master/ratek_resampler/ratek_resampler.pdf}}
}

@book{kondoz1994digital,
  title={Digital speech: coding for low bit rate communication systems},
  author={Kondoz, Ahmet M},
  year={1994},
  publisher={John Wiley \& Sons}
}

@book{kleijn1995speech,
  title={Speech coding and synthesis},
  author={Kleijn, W Bastiaan and Paliwal, Kuldip K},
  year={1995},
  publisher={Elsevier Science Inc.}
}