@misc{Martini3Beta,
  title={Martini 3-Open Beta-Release},
  author={Souza, Paulo C T and Marrink, Siewert Jan},
  year={2020}
}
@article{MDTraj,
    title={MDTraj: A Modern Open Library for the Analysis of Molecular Dynamics Trajectories},
    author={McGibbon, Robert T. and Beauchamp, Kyle A. and Harrigan, Matthew P. and Klein, Christoph and Swails, Jason M. and HernaÃÅndez, Carlos X.  and Schwantes, Christian R. and Wang, Lee-Ping and Lane, Thomas J. and Pande, Vijay S.},
    journal={Biophysical Journal},
    volume={109},
    number={8},
    pages={1528 -- 1532},
    year={2015},
    doi={10.1016/j.bpj.2015.08.015}
}