@article{astropy13,
  author  = {{Astropy Collaboration} and {Robitaille}, T.~P. and {Tollerud},
             E.~J. and {Greenfield}, P. and {Droettboom}, M. and {Bray}, E. and
             {Aldcroft}, T. and {Davis}, M. and {Ginsburg}, A. and
             {Price-Whelan}, A.~M. and {Kerzendorf}, W.~E. and {Conley}, A. and
             {Crighton}, N. and {Barbary}, K. and {Muna}, D. and {Ferguson}, H.
             and {Grollier}, F. and {Parikh}, M.~M. and {Nair}, P.~H. and
             {Unther}, H.~M. and {Deil}, C. and {Woillez}, J. and {Conseil}, S.
             and {Kramer}, R. and {Turner}, J.~E.~H. and {Singer}, L. and
             {Fox}, R. and {Weaver}, B.~A. and {Zabalza}, V. and {Edwards},
             Z.~I. and {Azalee Bostroem}, K. and {Burke}, D.~J. and {Casey},
             A.~R. and {Crawford}, S.~M. and {Dencheva}, N. and {Ely}, J. and
             {Jenness}, T. and {Labrie}, K. and {Lim}, P.~L. and
             {Pierfederici}, F. and {Pontzen}, A. and {Ptak}, A. and {Refsdal},
             B. and {Servillat}, M. and {Streicher}, O.},
  title   = {{Astropy: A community Python package for astronomy}},
  journal = {Astronomy \& Astrophysics},
  year    = 2013,
  month   = oct,
  volume  = 558,
  pages   = {A33},
  doi     = {10.1051/0004-6361/201322068},
  adsurl  = {http://adsabs.harvard.edu/abs/2013A%26A...558A..33A},
  adsnote = {Provided by the SAO/NASA Astrophysics Data System}
}

@article{astropy18,
  author  = {{Astropy Collaboration} and {Price-Whelan}, A.~M. and
             {Sip{\H o}cz}, B.~M. and {G{\"u}nther}, H.~M. and {Lim}, P.~L. and
             {Crawford}, S.~M. and {Conseil}, S. and {Shupe}, D.~L. and
             {Craig}, M.~W. and {Dencheva}, N. and {Ginsburg}, A. and
             {VanderPlas}, J.~T. and {Bradley}, L.~D. and
             {P{\'e}rez-Su{\'a}rez}, D. and {de Val-Borro}, M.
             and {Aldcroft}, T.~L. and {Cruz}, K.~L. and {Robitaille}, T.~P.
             and {Tollerud}, E.~J. and {Ardelean}, C. and {Babej}, T. and
             {Bach}, Y.~P. and {Bachetti}, M. and {Bakanov}, A.~V. and
             {Bamford}, S.~P. and {Barentsen}, G. and {Barmby}, P. and
             {Baumbach}, A. and {Berry}, K.~L.  and {Biscani}, F. and
             {Boquien}, M. and {Bostroem}, K.~A. and {Bouma}, L.~G. and
             {Brammer}, G.~B. and {Bray}, E.~M. and {Breytenbach}, H. and
             {Buddelmeijer}, H. and {Burke}, D.~J. and {Calderone}, G. and
             {Cano Rodr{\'{\i}}guez}, J.~L. and {Cara}, M. and {Cardoso},
             J.~V.~M. and {Cheedella}, S. and {Copin}, Y. and {Corrales}, L.
             and {Crichton}, D. and {D'Avella}, D. and {Deil}, C. and
             {Depagne}, {\'E}. and {Dietrich}, J.~P. and {Donath}, A. and
             {Droettboom}, M. and {Earl}, N. and {Erben}, T. and {Fabbro}, S.
             and {Ferreira}, L.~A. and {Finethy}, T. and {Fox}, R.~T. and
             {Garrison}, L.~H. and {Gibbons}, S.~L.~J. and {Goldstein}, D.~A.
             and {Gommers}, R. and {Greco}, J.~P. and {Greenfield}, P. and
             {Groener}, A.~M. and {Grollier}, F. and {Hagen}, A. and {Hirst},
             P. and {Homeier}, D. and {Horton}, A.~J. and {Hosseinzadeh}, G.
             and {Hu}, L. and {Hunkeler}, J.~S. and {Ivezi{\'c}}, {\v Z}. and
             {Jain}, A. and {Jenness}, T. and {Kanarek}, G. and {Kendrew}, S.
             and {Kern}, N.~S. and {Kerzendorf}, W.~E. and {Khvalko}, A. and
             {King}, J. and {Kirkby}, D. and {Kulkarni}, A.~M. and {Kumar}, A.
             and {Lee}, A.  and {Lenz}, D.  and {Littlefair}, S.~P. and {Ma},
             Z. and {Macleod}, D.~M. and {Mastropietro}, M. and {McCully}, C.
             and {Montagnac}, S. and {Morris}, B.~M. and {Mueller}, M. and
             {Mumford}, S.~J. and {Muna}, D. and {Murphy}, N.~A. and {Nelson},
             S. and {Nguyen}, G.~H. and {Ninan}, J.~P. and {N{\"o}the}, M. and
             {Ogaz}, S. and {Oh}, S. and {Parejko}, J.~K.  and {Parley}, N. and
             {Pascual}, S. and {Patil}, R. and {Patil}, A.~A.  and {Plunkett},
             A.~L. and {Prochaska}, J.~X. and {Rastogi}, T. and {Reddy Janga},
             V. and {Sabater}, J.  and {Sakurikar}, P. and {Seifert}, M. and
             {Sherbert}, L.~E. and {Sherwood-Taylor}, H. and {Shih}, A.~Y. and
             {Sick}, J. and {Silbiger}, M.~T. and {Singanamalla}, S. and
             {Singer}, L.~P. and {Sladen}, P.~H. and {Sooley}, K.~A. and
             {Sornarajah}, S. and {Streicher}, O. and {Teuben}, P. and
             {Thomas}, S.~W. and {Tremblay}, G.~R. and {Turner}, J.~E.~H. and
             {Terr{\'o}n}, V.  and {van Kerkwijk}, M.~H. and {de la Vega}, A.
             and {Watkins}, L.~L. and {Weaver}, B.~A. and {Whitmore}, J.~B. and
             {Woillez}, J.  and {Zabalza}, V. and {Astropy Contributors}},
  title   = {{The Astropy Project: Building an Open-science Project and Status
              of the v2.0 Core Package}},
  journal = {The Astronomical Journal},
  year    = 2018,
  month   = sep,
  volume  = 156,
  pages   = {123},
  doi     = {10.3847/1538-3881/aabc4f},
  adsurl  = {http://adsabs.harvard.edu/abs/2018AJ....156..123A},
  adsnote = {Provided by the SAO/NASA Astrophysics Data System}
}

@inproceedings{barros18,
       author = {{Barros}, Susana and {Faria}, Jo{\~a}o P.},
        title = "{Tutorial: Detecting Planetary Transits and Radial-Velocity Signals}",
     keywords = {Physics},
    booktitle = {Asteroseismology and Exoplanets: Listening to the Stars and Searching for New Worlds},
         year = 2018,
       editor = {{Campante}, Tiago L. and {Santos}, Nuno C. and {Monteiro}, M{\'a}rio J.~P.~F.~G.},
       series = {Astrophysics and Space Science Proceedings},
       volume = {49},
        month = jan,
        pages = {267},
          doi = {10.1007/978-3-319-59315-9\_15},
       adsurl = {https://ui.adsabs.harvard.edu/abs/2018ASSP...49..267B},
      adsnote = {Provided by the SAO/NASA Astrophysics Data System}
}

@article{foremanmackey17,
  author  = {{Foreman-Mackey}, D. and {Agol}, E. and {Ambikasaran}, S. and
             {Angus}, R.},
  title   = {{Fast and Scalable Gaussian Process Modeling with Applications to
              Astronomical Time Series}},
  journal = {The Astronomical Journal},
  year    = 2017,
  month   = dec,
  volume  = 154,
  pages   = {220},
  doi     = {10.3847/1538-3881/aa9332},
  adsurl  = {http://adsabs.harvard.edu/abs/2017AJ....154..220F},
  adsnote = {Provided by the SAO/NASA Astrophysics Data System}
}

@article{eastman13,
  author        = {{Eastman}, Jason and {Gaudi}, B. Scott and {Agol}, Eric},
  title         = {{EXOFAST: A Fast Exoplanetary Fitting Suite in IDL}},
  journal       = {Publications of the Astronomical Society of the Pacific},
  keywords      = {Astrophysics - Instrumentation and Methods for Astrophysics, Astrophysics - Earth and Planetary Astrophysics},
  year          = 2013,
  month         = jan,
  volume        = {125},
  number        = {923},
  pages         = {83},
  doi           = {10.1086/669497},
  archiveprefix = {arXiv},
  eprint        = {1206.5798},
  primaryclass  = {astro-ph.IM},
  adsurl        = {https://ui.adsabs.harvard.edu/abs/2013PASP..125...83E},
  adsnote       = {Provided by the SAO/NASA Astrophysics Data System}
}

@article{eastman19,
  author        = {{Eastman}, Jason D. and {Rodriguez}, Joseph E. and {Agol}, Eric and {Stassun}, Keivan G. and {Beatty}, Thomas G. and {Vanderburg}, Andrew and {Gaudi}, B. Scott and {Collins}, Karen A. and {Luger}, Rodrigo},
  title         = {{EXOFASTv2: A public, generalized, publication-quality exoplanet modeling code}},
  journal       = {arXiv e-prints},
  keywords      = {Astrophysics - Earth and Planetary Astrophysics, Astrophysics - Instrumentation and Methods for Astrophysics},
  year          = 2019,
  month         = jul,
  eid           = {arXiv:1907.09480},
  pages         = {arXiv:1907.09480},
  archiveprefix = {arXiv},
  eprint        = {1907.09480},
  primaryclass  = {astro-ph.EP},
  adsurl        = {https://ui.adsabs.harvard.edu/abs/2019arXiv190709480E},
  adsnote       = {Provided by the SAO/NASA Astrophysics Data System}
}

@article{espinoza19,
  author        = {{Espinoza}, N{\'e}stor and {Kossakowski}, Diana and {Brahm}, Rafael},
  title         = {{juliet: a versatile modelling tool for transiting and non-transiting exoplanetary systems}},
  journal       = {Monthly Notices of the Royal Astronomical Society},
  keywords      = {methods: data analysis, methods: statistical, techniques: photometric, techniques: radial velocities, planets and satellites: fundamental parameters, planets and satellites: individual: K2-140b, K2-32b, c, d, Astrophysics - Earth and Planetary Astrophysics, 85-XX},
  year          = 2019,
  month         = dec,
  volume        = {490},
  number        = {2},
  pages         = {2262-2283},
  doi           = {10.1093/mnras/stz2688},
  archiveprefix = {arXiv},
  eprint        = {1812.08549},
  primaryclass  = {astro-ph.EP},
  adsurl        = {https://ui.adsabs.harvard.edu/abs/2019MNRAS.490.2262E},
  adsnote       = {Provided by the SAO/NASA Astrophysics Data System}
}

@article{foremanmackey21,
       author = {{Foreman-Mackey}, Daniel and {Luger}, Rodrigo and {Agol}, Eric
                and {Barclay}, Thomas and {Bouma}, Luke G. and {Brandt},
                Timothy D. and {Czekala}, Ian and {David}, Trevor J. and
                {Dong}, Jiayin and {Gilbert}, Emily A. and {Gordon}, Tyler A.
                and {Hedges}, Christina and {Hey}, Daniel R. and {Morris},
                Brett M. and {Price-Whelan}, Adrian M. and {Savel}, Arjun B.},
        title = "{exoplanet: Gradient-based probabilistic inference for
                  exoplanet data \& other astronomical time series}",
      journal = {arXiv e-prints},
         year = 2021,
        month = may,
          eid = {arXiv:2105.01994},
        pages = {arXiv:2105.01994},
archivePrefix = {arXiv},
       eprint = {2105.01994},
 primaryClass = {astro-ph.IM},
       adsurl = {https://ui.adsabs.harvard.edu/abs/2021arXiv210501994F},
      adsnote = {Provided by the SAO/NASA Astrophysics Data System}
}

@article{guenther20,
  author        = {{G{\"u}nther}, Maximilian N. and {Daylan}, Tansu},
  title         = {{Allesfitter: Flexible Star and Exoplanet Inference from Photometry and Radial Velocity}},
  journal       = {The Astrophysical Journal Supplement Series},
  keywords      = {Exoplanets, Binary stars, Stellar flares, Bayesian statistics, Astronomy software, Starspots, Astronomy data modeling, 498, 154, 1603, 1900, 1855, 1572, 1859, Astrophysics - Earth and Planetary Astrophysics, Astrophysics - Instrumentation and Methods for Astrophysics, Astrophysics - Solar and Stellar Astrophysics},
  year          = 2021,
  month         = may,
  volume        = {254},
  number        = {1},
  eid           = {13},
  pages         = {13},
  doi           = {10.3847/1538-4365/abe70e},
  archiveprefix = {arXiv},
  eprint        = {2003.14371},
  primaryclass  = {astro-ph.EP},
  adsurl        = {https://ui.adsabs.harvard.edu/abs/2021ApJS..254...13G},
  adsnote       = {Provided by the SAO/NASA Astrophysics Data System}
}

@article{hippke19,
       author = {{Hippke}, Michael and {Heller}, Ren{\'e}},
        title = "{Optimized transit detection algorithm to search for periodic transits of small planets}",
      journal = {\aap},
         year = "2019",
        month = "Mar",
       volume = {623},
          eid = {A39},
        pages = {A39},
          doi = {10.1051/0004-6361/201834672},
archivePrefix = {arXiv},
       eprint = {1901.02015},
 primaryClass = {astro-ph.EP},
       adsurl = {https://ui.adsabs.harvard.edu/\#abs/2019A&A...623A..39H},
      adsnote = {Provided by the SAO/NASA Astrophysics Data System}
}

@article{eisner20,
       author = {{Eisner}, Nora and {Lintott}, Chris and {Aigrain}, Suzanne},
        title = "{LATTE: Lightcurve Analysis Tool for Transiting Exoplanets}",
      journal = {The Journal of Open Source Software},
     keywords = {exoplanets, Python, transit, Jupyter Notebook, astronomy, TESS},
         year = 2020,
        month = may,
       volume = {5},
       number = {49},
          eid = {2101},
        pages = {2101},
          doi = {10.21105/joss.02101},
       adsurl = {https://ui.adsabs.harvard.edu/abs/2020JOSS....5.2101E},
      adsnote = {Provided by the SAO/NASA Astrophysics Data System}
}

@misc{lightkurve18,
   author = {{Lightkurve Collaboration} and {Cardoso}, J.~V.~d.~M. and
             {Hedges}, C. and {Gully-Santiago}, M. and {Saunders}, N. and
             {Cody}, A.~M. and {Barclay}, T. and {Hall}, O. and
             {Sagear}, S. and {Turtelboom}, E. and {Zhang}, J. and
             {Tzanidakis}, A. and {Mighell}, K. and {Coughlin}, J. and
             {Bell}, K. and {Berta-Thompson}, Z. and {Williams}, P. and
             {Dotson}, J. and {Barentsen}, G.},
    title = "{Lightkurve: Kepler and TESS time series analysis in Python}",
 keywords = {Software, NASA},
howpublished = {Astrophysics Source Code Library},
     year = 2018,
    month = dec,
archivePrefix = "ascl",
   eprint = {1812.013},
   adsurl = {http://adsabs.harvard.edu/abs/2018ascl.soft12013L},
}

@misc{trifonov19,
  author        = {{Trifonov}, Trifon},
  title         = {{The Exo-Striker: Transit and radial velocity interactive fitting tool for orbital analysis and N-body simulations}},
  keywords      = {Software},
  year          = 2019,
  month         = jun,
  eid           = {ascl:1906.004},
  pages         = {ascl:1906.004},
  archiveprefix = {ascl},
  eprint        = {1906.004},
  adsurl        = {https://ui.adsabs.harvard.edu/abs/2019ascl.soft06004T},
  adsnote       = {Provided by the SAO/NASA Astrophysics Data System}
}

@article{barragan19,
  author       = {Barrag\'an, O. and Gandolfi, D. and Antoniciello, G.},
  title        = {{PYANETI: a fast and powerful software suite for multiplanet radial
        velocity and transit fitting}},
  journal      = {Monthly Notices of the Royal Astronomical Society},
  keywords     = {methods: numerical, techniques: photometric, techniques: spectroscopic,
        planets and satellites: general, Astrophysics - Earth and
        Planetary Astrophysics, Astrophysics - Instrumentation and
        Methods for Astrophysics, Physics - Data Analysis, Statistics
        and Probability},
  year         = 2019,
  month        = Jan,
  volume       = {482},
  pages        = {1017-1030},
  doi          = {10.1093/mnras/sty2472},
  primaryclass = {astro-ph.EP},
  adsurl       = {https://ui.adsabs.harvard.edu/#abs/2019MNRAS.482.1017B},
  adsnote      = {Provided by the SAO/NASA Astrophysics Data System}
}

@article{parviainen15,
  author        = {{Parviainen}, Hannu},
  title         = {{PYTRANSIT: fast and easy exoplanet transit modelling in PYTHON}},
  journal       = {Monthly Notices of the Royal Astronomical Society},
  keywords      = {methods: numerical, techniques: photometric, planets and satellites: general, Astrophysics - Earth and Planetary Astrophysics},
  year          = 2015,
  month         = jul,
  volume        = {450},
  number        = {3},
  pages         = {3233-3238},
  doi           = {10.1093/mnras/stv894},
  archiveprefix = {arXiv},
  eprint        = {1504.07433},
  primaryclass  = {astro-ph.EP},
  adsurl        = {https://ui.adsabs.harvard.edu/abs/2015MNRAS.450.3233P},
  adsnote       = {Provided by the SAO/NASA Astrophysics Data System}
}

@article{pepe21,
       author = {{Pepe}, F. and {Cristiani}, S. and {Rebolo}, R. and {Santos}, N.~C. and {Dekker}, H. and {Cabral}, A. and {Di Marcantonio}, P. and {Figueira}, P. and {Lo Curto}, G. and {Lovis}, C. and {Mayor}, M. and {M{\'e}gevand}, D. and {Molaro}, P. and {Riva}, M. and {Zapatero Osorio}, M.~R. and {Amate}, M. and {Manescau}, A. and {Pasquini}, L. and {Zerbi}, F.~M. and {Adibekyan}, V. and {Abreu}, M. and {Affolter}, M. and {Alibert}, Y. and {Aliverti}, M. and {Allart}, R. and {Allende Prieto}, C. and {{\'A}lvarez}, D. and {Alves}, D. and {Avila}, G. and {Baldini}, V. and {Bandy}, T. and {Barros}, S.~C.~C. and {Benz}, W. and {Bianco}, A. and {Borsa}, F. and {Bourrier}, V. and {Bouchy}, F. and {Broeg}, C. and {Calderone}, G. and {Cirami}, R. and {Coelho}, J. and {Conconi}, P. and {Coretti}, I. and {Cumani}, C. and {Cupani}, G. and {D'Odorico}, V. and {Damasso}, M. and {Deiries}, S. and {Delabre}, B. and {Demangeon}, O.~D.~S. and {Dumusque}, X. and {Ehrenreich}, D. and {Faria}, J.~P. and {Fragoso}, A. and {Genolet}, L. and {Genoni}, M. and {G{\'e}nova Santos}, R. and {Gonz{\'a}lez Hern{\'a}ndez}, J.~I. and {Hughes}, I. and {Iwert}, O. and {Kerber}, F. and {Knudstrup}, J. and {Landoni}, M. and {Lavie}, B. and {Lillo-Box}, J. and {Lizon}, J. -L. and {Maire}, C. and {Martins}, C.~J.~A.~P. and {Mehner}, A. and {Micela}, G. and {Modigliani}, A. and {Monteiro}, M.~A. and {Monteiro}, M.~J.~P.~F.~G. and {Moschetti}, M. and {Murphy}, M.~T. and {Nunes}, N. and {Oggioni}, L. and {Oliveira}, A. and {Oshagh}, M. and {Pall{\'e}}, E. and {Pariani}, G. and {Poretti}, E. and {Rasilla}, J.~L. and {Rebord{\~a}o}, J. and {Redaelli}, E.~M. and {Santana Tschudi}, S. and {Santin}, P. and {Santos}, P. and {S{\'e}gransan}, D. and {Schmidt}, T.~M. and {Segovia}, A. and {Sosnowska}, D. and {Sozzetti}, A. and {Sousa}, S.~G. and {Span{\`o}}, P. and {Su{\'a}rez Mascare{\~n}o}, A. and {Tabernero}, H. and {Tenegi}, F. and {Udry}, S. and {Zanutta}, A.},
        title = "{ESPRESSO at VLT. On-sky performance and first results}",
      journal = {\aap},
     keywords = {techniques: radial velocities, instrumentation: spectrographs, planets and satellites: atmospheres, planets and satellites: detection, cosmology: miscellaneous, asteroseismology, Astrophysics - Instrumentation and Methods for Astrophysics, Astrophysics - Earth and Planetary Astrophysics},
         year = 2021,
        month = jan,
       volume = {645},
          eid = {A96},
        pages = {A96},
          doi = {10.1051/0004-6361/202038306},
archivePrefix = {arXiv},
       eprint = {2010.00316},
 primaryClass = {astro-ph.IM},
       adsurl = {https://ui.adsabs.harvard.edu/abs/2021A&A...645A..96P},
      adsnote = {Provided by the SAO/NASA Astrophysics Data System}
}

@article{santos20,
  title = {Detection and {Characterization} {Methods} of {Exoplanets}},
  url = {http://adsabs.harvard.edu/abs/2020oeps.book..189S},
  abstract = {Not Available},
  urldate = {2021-06-05},
  journal = {Oxford Research Encyclopedia of Planetary Science},
  author = {Santos, Nuno C. and Barros, Susana C. C. and Demangeon, Olivier D. S. and Faria, João P.},
  month = aug,
  year = {2020},
  doi = {10.1093/acrefore/9780190647926.013.189},
  pages = {189},
}
